@InProceedings{losada-crestani2016,
  author = 	 {Losada, D. and Crestani, F.},
  title = 	 {A Test Collection for Research on Depression and Language Use},
  booktitle = 	 {Proc. of Experimental IR Meets Multilinguality, Multimodality, and Interaction, 7th International Conference
of the {CLEF} Association, {CLEF} 2016},
  pages = {28--39},
  year = "2016",
  address = {Evora, Portugal},
  month = {September},
}

@InProceedings{LosadaCLEF2017,
author={Losada, David E.
and Crestani, Fabio
and Parapar, Javier},
title={eRISK 2017: CLEF Lab on Early Risk Prediction on the Internet: Experimental Foundations},
booktitle={Experimental IR Meets Multilinguality, Multimodality, and Interaction},
year={2017},
publisher={Springer International Publishing},
address={Cham},
pages={346--360},
}

@InProceedings{Trotzek2017LinguisticMA,
  title="Linguistic Metadata Augmented Classifiers at the CLEF 2017 Task for Early Detection of Depression",
  author={Marcel Trotzek and Sven Koitka and Christoph M. Friedrich},
  booktitle={Working Notes of CLEF 2017 - Conference and Labs of the Evaluation Forum},
  address={Dublin, Ireland},
  year={2017},
  month = {September},
  volume = {CEUR-WS 1866},
}

@InProceedings{icpram18,
author={Maxim Stankevich and Vadim Isakov and Dmitry Devyatkin and Ivan Smirnov},
title={Feature Engineering for Depression Detection in Social Media},
booktitle={Proceedings of the 7th International Conference on Pattern Recognition Applications and Methods - Volume 1: ICPRAM,},
year={2018},
pages={426--431},
publisher={SciTePress},
organization={INSTICC},
address={Funchal, Madeira, Portugal},
}

@Article{rudeGortner2004,
author = { Stephanie   Rude  and  Eva-Maria   Gortner  and  James   Pennebaker },
title = {Language use of depressed and depression-vulnerable college students},
journal = {Cognition and Emotion},
volume = {18},
number = {8},
pages = {1121-1133},
year  = {2004},
publisher = {Routledge},
doi = {10.1080/02699930441000030},
}

@Article{mosaiwi,
author = {Mohammed Al-Mosaiwi and Tom Johnstone},
title ={In an Absolute State: Elevated Use of Absolutist Words Is a Marker Specific           to Anxiety, Depression, and Suicidal Ideation},
journal = {Clinical Psychological Science},
pages = {1--14},
year = {2018},
month = {January},
publisher = {Sage},
}

@Article{DBLP:journals/corr/abs-1709-01848,
  author    = {Andrew Yates and
               Arman Cohan and
               Nazli Goharian},
  title     = {Depression and Self-Harm Risk Assessment in Online Forums},
  journal   = {CoRR},
  volume    = {abs/1709.01848},
  year      = {2017},
  month 	= {October},
}

@Article{KARMEN201527,
title = "Screening Internet forum participants for depression symptoms by assembling and enhancing multiple NLP methods",
journal = "Computer Methods and Programs in Biomedicine",
volume = "120",
number = "1",
pages = "27 - 36",
year = "2015",
author = "Christian Karmen and Robert C. Hsiung and Thomas Wetter",
}

@InProceedings{E17-1015,
  author = 	"Benton, Adrian
		and Mitchell, Margaret
		and Hovy, Dirk",
  title = 	"Multitask Learning for Mental Health Conditions with Limited Social Media Data",
  booktitle = 	"Proceedings of the 15th Conference of the European Chapter of the Association for Computational Linguistics: Volume 1, Long Papers",
  year = 	"2017",
  publisher = 	"Association for Computational Linguistics",
  pages = 	"152--162",
  location = 	"Valencia, Spain",
  url = 	"http://aclweb.org/anthology/E17-1015"
}

@InProceedings{empath2016,
 author = {Fast, Ethan and Chen, Binbin and Bernstein, Michael S.},
 title = {Empath: Understanding Topic Signals in Large-Scale Text},
 booktitle = {Proceedings of the 2016 CHI Conference on Human Factors in Computing Systems},
 series = {CHI '16},
 year = {2016},
 location = {San Jose, California, USA},
 pages = {4647--4657},
 publisher = {ACM},
 address = {New York, NY, USA},
} 
